@book{chong2013introduction,
  title={An introduction to optimization},
  author={Chong, Edwin KP and Zak, Stanislaw H},
  volume={76},
  year={2013},
  publisher={John Wiley \& Sons}
}

@TechReport{cameraModule,
author = {Jan Faigl, Tomáš Krajník, Jan Chudoba, Martin Saska, Libor Přeučil},
title = {Camera Module for Onboard Relative Localization in SWARM of robots},
institution = {The Gerstner Laboratory for Intelligent Decision Making and Control},
year = {2012},
OPTtype = {User Manual}
}

@phdthesis{tomasdp,
  title={Model predictive control of micro aerial vehicle using onboard microcontroller},
  author={B{\'a}ca, Tom{\'a}{\v{s}}},
  year={2015},
  school={Master’s thesis, Czech technical university in Prague, Faculty of Electrical Engineering}
}

@article{tomas,
  title={Embedded Model Predictive Control of Micro Aerial Vehicles},
  author={T Baca, M Saska},
  journal={nternational Conference on Methods and Models in Automation and Robotics},
  year={2016}
}


@article{hovd2004brief,
  title={A brief introduction to Model Predictive Control},
  author={Hovd, Morten},
  journal={URL= http://www. itk. ntnu. no/fag/TTK4135/viktig/MPCkompendium\% 20HOvd. pdf},
  year={2004}
}

@inproceedings{saturation,
  title={Output to Input Saturation Transformation: Demonstration and Application to Disturbed Linear Systems},
  author={Chambon, Emmanuel and Burlion, Laurent and Apkarian, Pierre},
  booktitle={54th IEEE Conference on Decision and Control},
  year={2015}
}

@book{stein1970singular,
  title={Singular integrals and differentiability properties of functions},
  author={Stein, Elias M},
  volume={2},
  year={1970},
  publisher={Princeton university press}
}


@inproceedings{zometa2012implementation,
  title={Implementation aspects of model predictive control for embedded systems},
  author={Zometa, Pablo and Kogel, Markus and Faulwasser, Timm and Findeisen, Rolf},
  booktitle={American Control Conference (ACC), 2012},
  pages={1205--1210},
  year={2012},
  organization={IEEE}
}

@book{grunbaum1967convex,
  title={Convex polytopes},
  author={Grunbaum, Branko and Klee, Victor and Perles, Micha A and Shephard, Geoffrey Colin},
  year={1967},
  publisher={Springer}
}

@article{schittkowski1983convergence,
  title={On the convergence of a sequential quadratic programming method with an augmented lagrangian line search function 2},
  author={Schittkowski, Klaus},
  journal={Optimization},
  volume={14},
  number={2},
  pages={197--216},
  year={1983},
  publisher={Taylor \& Francis}
}

@MastersThesis{endrych2014,
  title={Control and Stabilization of an Unmanned Helicopter Following a Dynamic Trajectory},
  author={Endrych Václav},
  year={2014},
  school={České vysoké učení technické v Praze},
  type={Master's Thesis}
}

@book{boyd2004convex,
  title={Convex optimization},
  author={Boyd, Stephen and Vandenberghe, Lieven},
  year={2004},
  publisher={Cambridge university press}
}

#This conference article provides a brief description of the localization algorithm and describes some basic experiments
@inproceedings{whycon_icar,
  title={External localization system for mobile robotics},
  author = {Krajn{\' i}k, T. and Nitsche, M. and Faigl, J. and Duckett, T. and Mejail, M. and P{\v r}eu{\v c}il, L.},
  booktitle={16th International Conference on Advanced Robotics (ICAR)},
  year={2013},
  month={Nov},
  doi={10.1109/ICAR.2013.6766520}
}

#journal article about the localization module of the WhyCon system
@article{whycon_jint,
  title={A Practical Multirobot Localization System},
  author={Krajn{\' i}k, Tom{\' a}{\v s} and Nitsche, Mat{\' i}as and Faigl, Jan and Van{\v e}k, Petr and Saska, Martin and P{\v r}eu{\v c}il, Libor and Duckett, Tom and Mejail, Marta},
  journal={Journal of Intelligent \& Robotic Systems},
  url={http://dx.doi.org/10.1007/s10846-014-0041-x},
  publisher={Springer Netherlands},
  doi={10.1007/s10846-014-0041-x},
  year={2014},
  issn={0921-0296},
}

@inproceedings{saska2014swarms,
  title={Swarms of micro aerial vehicles stabilized under a visual relative localization},
  author={Saska, Martin and Vakula, Jan and Preucil, Libor},
  booktitle={Robotics and Automation (ICRA), 2014 IEEE International Conference on},
  pages={3570--3575},
  year={2014},
  organization={IEEE}
}

@article{tijmons2016obstacle,
  title={Obstacle Avoidance Strategy using Onboard Stereo Vision on a Flapping Wing MAV},
  author={Tijmons, Sjoerd and de Croon, Guido and Remes, Bart and De Wagter, Christophe and Mulder, Max},
  journal={arXiv preprint arXiv:1604.00833},
  year={2016}
}

@article{weiss2011intuitive,
  title={Intuitive 3D maps for MAV terrain exploration and obstacle avoidance},
  author={Weiss, Stephan and Achtelik, Markus and Kneip, Laurent and Scaramuzza, Davide and Siegwart, Roland},
  journal={Journal of Intelligent \& Robotic Systems},
  volume={61},
  number={1-4},
  pages={473--493},
  year={2011},
  publisher={Springer}
}

@inproceedings{gupta2015obstacle,
  title={Obstacle detection and collision avoidance using ultrasonic sensors for RC multirotors},
  author={Gupta, Nischay and Makkar, Jaspreet Singh and Pandey, Piyush},
  booktitle={Signal Processing and Communication (ICSC), 2015 International Conference on},
  pages={419--423},
  year={2015},
  organization={IEEE}
}

@inproceedings{budiyanto2015uav,
  title={UAV obstacle avoidance using potential field under dynamic environment},
  author={Budiyanto, Almira and Cahyadi, Adha and Adji, Teguh Bharata and Wahyunggoro, Oyas},
  booktitle={Control, Electronics, Renewable Energy and Communications (ICCEREC), 2015 International Conference on},
  pages={187--192},
  year={2015},
  organization={IEEE}
}


@article{military,
  title={Armed Quadrotors Are Comming},
  author={David Hambling},
  journal={Populat Mechanics},
  year={2014}
}

@article{tu_delft,
  title={Ambulance drone delivers help to heart attack victims},
  author={Michelle Starr},
  journal={cnet},
  year={2014}
}

@article{SaskaJINT2016,
               author = "Saska, M. and Von{\'a}sek, V. and Chudoba, J. and Thomas, J. and Loianno, G. and Kumar, V.",
               title = "Swarm Distribution and Deployment for Cooperative Surveillance by Micro-Aerial Vehicles",
               journal = "Journal of Intelligent \& Robotic Systems. First online.",
               year = 2016,
               pdf = "data/papers/SaskaJINT2016.pdf"
}
 
@inproceedings{Saska14:221385,
               author = "Saska, M. and Chudoba, J. and Preucil, L. and Thomas, J. and Loianno, G. and Tresnak, A. and Vonasek, V. and Kumar, V.",
               title = "{Autonomous Deployment of Swarms of Micro-Aerial Vehicles in Cooperative Surveillance}",
               booktitle = "{Proceedings of 2014 International Conference on Unmanned Aircraft Systems (ICUAS)}",
               year = 2014,
               pdf = "data/papers/icuas2014-joined.pdf"
}  
 
@article{Saska14:218644,
               author = "Saska, M. and Vonasek, V. and Krajnik, T. and Preucil, L.",
               title = "{Coordination and Navigation of Heterogeneous MAV\&\#8211;UGV Formations Localized by a \&\#8216;hawk-eye\&\#8217;-like Approach Under a Model Predictive Control Scheme}",
               journal = "International Journal of Robotics Research",
               year = 2014,
               volume = 33,
               number = 10,
               pages = "1393--1412",
               pdf = "data/papers/IJRR2014.pdf"
}
 
@article{Saska14:212936,
               author = "Saska, M. and Krajnik, T. and Vonasek, V. and Kasl, Z. and Spurny, V. and Preucil, L.",
               title = "{Fault-Tolerant Formation Driving Mechanism Designed for Heterogeneous MAVs-UGVs Groups}",
               journal = "Journal of Intelligent and Robotic Systems",
               year = 2014,
               volume = 73,
               number = "1-4",
               pages = "603--622",
               pdf = "data/papers/JINT14_failure.pdf"
}
 
@inproceedings{Saska14:226686,
               author = "Saska, M. and Langr, J. and Preucil, L.",
               title = "{Plume Tracking by a Self-stabilized Group of Micro Aerial Vehicles}",
               booktitle = "{Modelling and Simulation for Autonomous Systems}",
               year = 2014,
               pdf = "data/papers/MESAS2014Springer-crop-joined.pdf"
}
 
@article{SaskaAURO16,
               author = "Saska, M. and Baca, T. and Thomas, J. and Chudoba, J. and Preucil, L. and Krajnik, T. and Faigl, J. and Loianno, G. and Kumar, V.",
               title = "{System for deployment of groups of unmanned micro aerial vehicles in GPS-denied environments using onboard visual relative localization}",
               journal = "Autonomous Robots. First online.",
               year = 2016,
               pdf = "data/papers/AURO2016.pdf"
}
 
@inproceedings{Saska15icuas,
               author = "Saska, M.",
               title = "{MAV-swarms: unmanned aerial vehicles stabilized along a given path using onboard relative localization}",
               booktitle = "{Proceedings of 2015 International Conference on Unmanned Aircraft Systems (ICUAS)}",
               year = 2015,
               pdf = "data/papers/icuas2015.pdf"
}
 
@inproceedings{Saska14:221382,
               author = "Saska, M. and Vakula, J. and Preucil, L.",
               title = "{Swarms of Micro Aerial Vehicles Stabilized Under a Visual Relative Localization}",
               booktitle = "{Proceedings of 2014 IEEE International Conference on Robotics and Automation (ICRA)}",
               publisher = "IEEE",
               year = 2014,
               pdf = "data/papers/ICRA2014escape_short-joined.pdf"
}
 
@inproceedings{Saska14:219889,
               author = "Saska, M. and Kasl, Z. and Preucil, L.",
               title = "{Motion Planning and Control of Formations of Micro Aerial Vehicles}",
               booktitle = "{Proceedings of The 19th World Congress of the International Federation of Automatic Control (IFAC)}",
               publisher = "IFAC",
               year = 2014,
               pdf = "data/papers/ifac2014-crop-joined.pdf"
}
 
@inproceedings{Saska13:206002,
               author = "Saska, M. and Krajnik, T. and Vonasek, V. and Vanek, P. and Preucil, L.",
               title = "{Navigation, Localization and Stabilization of Formations of Unmanned Aerial and Ground Vehicles}",
               booktitle = "{Proceedings of 2013 International Conference on Unmanned Aircraft Systems (ICUAS)}",
               year = 2013,
               pdf = "data/papers/icuas2013aFINAL-joined.pdf"
}
 
@inproceedings{Saska12:198993,
               author = "Saska, M. and Vonasek, V. and Krajnik, T. and Preucil, L.",
               title = "{Coordination and Navigation of Heterogeneous UAVs-UGVs Teams Localized by a Hawk-Eye Approach}",
               booktitle = "{Proceedings of 2012 IEEE/RSJ International Conference on Intelligent Robots and Systems (IROS)}",
               year = 2012,
               pdf = "data/papers/IROS-helMPC-joined.pdf"
}
 
@article{krajnik14JINT,
               year = 2014,
               journal = "Journal of Intelligent \& Robotic Systems",
               volume = 76,
               number = "3-4",
               title = "A Practical Multirobot Localization System",
               author = "Krajnik, T. and Nitsche, M. and Faigl, J. and Vanek, P. and Saska, M. and Preucil, L. and Duckett, T. and Mejail, M.",
               pages = "539-562",
               pdf = "data/papers/Tom_circle_JINT_2014.pdf"
}
 
@inproceedings{Faigl13:205381,
               author = "Faigl, J. and Krajnik, T. and Chudoba, J. and Preucil, L. and Saska, M.",
               title = "{Low-Cost Embedded System for Relative Localization in Robotic Swarms}",
               booktitle = "{Proceedings of 2013 IEEE International Conference on Robotics and Automation (ICRA)}",
               year = 2013,
               pdf = "data/papers/ICRA13cameraModule-joined.pdf"
}

#early, but embedded version of the WhyCon system
@inproceedings{faigl2013low,
	title={Low-cost embedded system for relative localization in robotic swarms},
	author={Faigl, Jan and Krajnik, Tomas and Chudoba, Jan and Preucil, Libor and Saska, Martin},
	booktitle={International Conference on Robotics and Automation (ICRA)},
	pages={993--998},
	year={2013},
	organization={IEEE}
}
