@inproceedings{imagenet,
	AUTHOR = {Deng, J. and Dong, W. and Socher, R. and Li, L.-J. and Li, K. and Fei-Fei, L.},
	TITLE = {{ImageNet: A Large-Scale Hierarchical Image Database}},
	BOOKTITLE = {CVPR09},
	YEAR = {2009},
	BIBSOURCE = "http://www.image-net.org/papers/imagenet_cvpr09.bib"
}


@inproceedings{facenet,
  	title={Facenet: A unified embedding for face recognition and clustering},
  	author={Schroff, Florian and Kalenichenko, Dmitry and Philbin, James},
  	booktitle={Proceedings of the IEEE conference on computer vision and pattern recognition},
  	pages={815--823},
  	year={2015}
}


@article{opencv,
  	title={OpenCV},
  	author={Bradski, Gary and Kaehler, Adrian},
  	journal={Dr. Dobbâ€™s journal of software tools},
  	volume={3},
  	year={2000}
}


@article{optical-flow,
	author = {Beauchemin, S. S. and Barron, J. L.},
	title = {The Computation of Optical Flow},
	journal = {ACM Comput. Surv.},
	issue_date = {Sept. 1995},
	volume = {27},
	number = {3},
	month = sep,
	year = {1995},
	issn = {0360-0300},
	pages = {433--466},
	numpages = {34},
	url = {http://doi.acm.org/10.1145/212094.212141},
	doi = {10.1145/212094.212141},
	acmid = {212141},
	publisher = {ACM},
	address = {New York, NY, USA},
} 

@inproceedings{faster-rcnn,
	title={Faster r-cnn: Towards real-time object detection with region proposal networks},
	author={Ren, Shaoqing and He, Kaiming and Girshick, Ross and Sun, Jian},
	booktitle={Advances in neural information processing systems},
	pages={91--99},
	year={2015}
}

@inproceedings{haar,
	title={A vehicle detection system based on haar and triangle features},
	author={Haselhoff, Anselm and Kummert, Anton},
	booktitle={Intelligent Vehicles Symposium, 2009 IEEE},
	pages={261--266},
	year={2009},
	organization={IEEE}
}


@inproceedings{inception,
	title={Rethinking the inception architecture for computer vision},
	author={Szegedy, Christian and Vanhoucke, Vincent and Ioffe, Sergey and Shlens, Jon and Wojna, Zbigniew},
	booktitle={Proceedings of the IEEE Conference on Computer Vision and Pattern Recognition},
	pages={2818--2826},
	year={2016}
}

@inproceedings{ssd,
	title={Ssd: Single shot multibox detector},
	author={Liu, Wei and Anguelov, Dragomir and Erhan, Dumitru and Szegedy, Christian and Reed, Scott and Fu, Cheng-Yang and Berg, Alexander C},
	booktitle={European conference on computer vision},
	pages={21--37},
	year={2016},
	organization={Springer}
}

@inproceedings{standford,
	title = {3D Object Representations for Fine-Grained Categorization},
	booktitle = {4th International IEEE Workshop on  3D Representation and Recognition (3dRR-13)},
	year = {2013},
	address = {Sydney, Australia},
	author = {Jonathan Krause and Michael Stark and Jia Deng and Li Fei-Fei}
}


@inproceedings{bs1,
	title={A statistical approach for real-time robust background subtraction and shadow detection},
	author={Horprasert, Thanarat and Harwood, David and Davis, Larry S},
	booktitle={Ieee iccv},
	volume={99},
	number={1999},
	pages={1--19},
	year={1999},
	organization={Citeseer}
}

@article{bs2,
	title={Efficient adaptive density estimation per image pixel for the task of background subtraction},
	author={Zivkovic, Zoran and Van Der Heijden, Ferdinand},
	journal={Pattern recognition letters},
	volume={27},
	number={7},
	pages={773--780},
	year={2006},
	publisher={Elsevier}
}

@article{pascal,
	author = {Everingham, Mark and Gool, Luc and Williams, Christopher K. and Winn, John and Zisserman, Andrew},
	title = {The Pascal Visual Object Classes (VOC) Challenge},
	journal = {Int. J. Comput. Vision},
	issue_date = {June      2010},
	volume = {88},
	number = {2},
	month = jun,
	year = {2010},
	issn = {0920-5691},
	pages = {303--338},
	numpages = {36},
	url = {http://dx.doi.org/10.1007/s11263-009-0275-4},
	doi = {10.1007/s11263-009-0275-4},
	acmid = {1747104},
	publisher = {Kluwer Academic Publishers},
	address = {Hingham, MA, USA},
	keywords = {Benchmark, Database, Object detection, Object recognition},
} 

@article{lucas-kanede,
  title={An iterative image registration technique with an application to stereo vision},
  author={Lucas, Bruce D and Kanade, Takeo and others},
  year={1981},
  publisher={Vancouver, BC, Canada}
}

@inproceedings{shi-tomasi,
  title={Good features to track},
  author={Shi, Jianbo and others},
  booktitle={Computer Vision and Pattern Recognition, 1994. Proceedings CVPR'94., 1994 IEEE Computer Society Conference on},
  pages={593--600},
  year={1994},
  organization={IEEE}
}

@inproceedings{harris,
  title={A combined corner and edge detector.},
  author={Harris, Chris and Stephens, Mike},
  booktitle={Alvey vision conference},
  volume={15},
  number={50},
  pages={10--5244},
  year={1988},
  organization={Citeseer}
}

@inproceedings{bgs-review,
  title={Background subtraction techniques: a review},
  author={Piccardi, Massimo},
  booktitle={Systems, man and cybernetics, 2004 IEEE international conference on},
  volume={4},
  pages={3099--3104},
  year={2004},
  organization={IEEE}
}

@article{wren1997pfinder,
  title={Pfinder: Real-time tracking of the human body},
  author={Wren, Christopher Richard and Azarbayejani, Ali and Darrell, Trevor and Pentland, Alex Paul},
  journal={IEEE Transactions on pattern analysis and machine intelligence},
  volume={19},
  number={7},
  pages={780--785},
  year={1997},
  publisher={IEEE}
}

@inproceedings{bgs-med1,
  title={Automatic congestion detection system for underground platforms},
  author={Lo, BPL and Velastin, SA},
  booktitle={Intelligent Multimedia, Video and Speech Processing, 2001. Proceedings of 2001 International Symposium on},
  pages={158--161},
  year={2001},
  organization={IEEE}
}

@article{bgs-med2,
  title={Detecting moving objects, ghosts, and shadows in video streams},
  author={Cucchiara, Rita and Grana, Costantino and Piccardi, Massimo and Prati, Andrea},
  journal={IEEE transactions on pattern analysis and machine intelligence},
  volume={25},
  number={10},
  pages={1337--1342},
  year={2003},
  publisher={IEEE}
}




